3009 4934
382 311 572 382 noranta
598 297 903 382 NlKOMAx.1'.
1120 313 1197 380 aas

109 486 159 579 rip
185 491 248 568 νοονὸ
275 489 452 574 ἐπιείκειάν
470 528 544 574 τονοο
563 492 701 596 pirama,
720 494 798 576 ’ὁταν
824 492 870 603 τῷ
891 493 982 604 φοννῇ
1004 491 1114 577 mdis
1136 526 1199 586 ris,

109 608 293 725 ὁὸνὸμῖος,
310 615 333 711 οἶ
341 654 371 698 το
389 621 530 701 τονοῖονον·
551 620 722 739 καθέντος
740 626 800 704 aa}
819 621 873 703 ixi
891 618 952 702 τοῖν
968 617 1138 723 ayant-cir
1155 619 1200 714 ei·>

107 775 218 846 πομεν.

568 889 666 954 ΚΕΦ.
690 873 735 960 ς’.

111 1003 121 1034 ¹
194 1009 360 1079 iAlKON
383 996 417 1078 ὁὸ
438 1003 498 1080 aei
517 1001 534 1090 ὁ
552 1005 681 1105 ὁμὸνοοοο
701 1001 869 1106 φαίνετον·
899 996 1009 1114 titan
1031 1004 1090 1080 οὐκ
1119 999 1203 1082 ἕπον

211 1119 376 1228 ὁμοὸοξῖοο·
406 1127 492 1205 νοοῖτο
509 1125 569 1230 μὸν
585 1125 652 1233 γὰρ
672 1128 699 1242 a}
718 1126 884 1227 οὶγνοοῖονν
901 1124 1074 1218 ἀλλήλους
1091 1126 1202 1242 ὑπάρ-

108 1243 185 1350 ξειεν
197 1244 249 1325 οῖν.
280 1247 368 1328 Οὸὁὸ
381 1245 453 1334 τοῖος
467 1254 536 1358 περὶ
550 1251 666 1329 ὁτουοῖν
677 1250 975 1356 ὁμογνωμονοῖννοις
989 1255 1121 1356 ὁμονοεῖν
1130 1266 1204 1359 φοο-

108 1405 172 1464 οον,
191 1371 249 1452 οῖον
266 1371 338 1460 τοῖος
355 1381 425 1483 περὶ
444 1374 504 1456 τοῖν
523 1377 674 1483 οὐρανίων·
697 1382 732 1458 οὐ
748 1375 820 1490 γὸορ
838 1375 974 1482 φολννοῖν
989 1377 1025 1458 ri
1041 1383 1115 1495 napi
1132 1378 1204 1458 τοὸ-

111 1535 171 1580 των
188 1509 331 1607 ὁμονοεῖν.
387 1506 505 1586 Ἀλλὸο
527 1503 589 1590 τᾶν
612 1504 728 1590 πὸλνος
746 1509 878 1611 ὁμονοεῖν
894 1520 1012 1609 φονοον,
1037 1508 1111 1590 ’ὁοοον
1133 1517 1203 1622 περὸ

107 1624 169 1706 τοῖν
186 1631 409 1741 ουμφερὸντοον
425 1627 685 1734 ὁμογνωμονοῖσν,
708 1635 769 1710 assi
793 1628 838 1710 τὸο
862 1630 950 1711 αὐτοὶ
974 1635 1202 1750 πςοοονςῶντονν,

111 1758 170 1833 itai
189 1754 361 1867 προὸποοσο
379 1753 424 1838 τοὶ
441 1759 528 1867 κοινῇ
543 1752 695 1863 difficere.
755 1762 832 1871 ssepi
850 1754 897 1838 τοὸ
910 1758 1052 1873 arpenni
1069 1759 1107 1856 ai,
1124 1769 1204 1868 ὁμο·

111 1880 224 1975 νοονῖον,
243 1886 302 1960 aei
320 1879 434 1961 τούτων
450 1889 523 1997 περὶ
541 1881 586 1965 τοὶ
604 1884 633 1963 ἓν
649 1883 808 1988 μεγέθεν,
827 1885 856 2001 a}
873 1879 1067 1987 ἒνὸοχὸμενα
1079 1890 1206 1992 ἀμφοῖν

112 2002 284 2121 ὑπάρχειν,
302 2001 452 2097 ὁποῖον·
483 2006 539 2088 οῖον
557 2017 594 2088 oi
613 2006 740 2103 πὸλενς,
760 2007 838 2089 ὁτοιν
854 2011 943 2090 ποῖον
961 2005 1042 2122 detegi
1061 2010 1123 2098 τοὶς
1142 2020 1204 2130 dg-

112 2127 183 2228 χοῖς
211 2129 345 2245 dipsade
370 2131 460 2225 νὸνοον,
486 2130 505 2225 ii
530 2138 723 2240 συμμαχεῖν
740 2131 1025 2241 Λοονιοὸοννμονῖοος,
1048 2131 1067 2229 οῖ
1093 2136 1206 2251 ὁὸςχεον

114 2255 317 2349 ”Histania
338 2255 389 2337 ’ὁτε
405 2263 466 2341 stoi
485 2257 583 2344 οοὸτὸς
599 2257 730 2351 ἤθελεν.
780 2259 891 2341 ’Ότοον
909 2256 941 2339 δ’
962 2258 1110 2371 ἑκάτερος
1124 2271 1204 2344 ico·

144 2435 156 2465 ¹
176 2437 262 2497 Magn.
276 2435 363 2484 Morai.
375 2434 417 2483 lib.
429 2437 454 2483 ii.
465 2451 519 2498 cap.
534 2451 571 2484 ιο.
582 2447 605 2484 et
618 2436 678 2483 Eud.
690 2435 733 2483 lib.
743 2437 785 2484 vii.
796 2449 851 2497 cap.
863 2445 886 2492 7.
962 2447 975 2470 ·
990 2437 1097 2487 Pittacus
1107 2439 1207 2504 Mityle·

114 2517 191 2559 naeus.
206 2517 223 2552 e
234 2513 325 2562 septem
342 2502 490 2561 sapientibus
508 2517 582 2561 unus,
593 2512 687 2564 ptopter
703 2501 869 2549 fortitudinem
885 2511 909 2549 et
926 2503 1079 2562 prudentiam
1096 2505 1122 2552 in
1138 2512 1206 2554 tauto

116 2651 185 2726 pter
216 2636 362 2703 virtutem
393 2653 427 2704 et
455 2640 635 2706 bonitatem
685 2637 727 2704 ad
746 2637 920 2704 amicitiam
938 2639 1077 2726 pertinet
1093 2638 1145 2706 his
1164 2640 1205 2708 de

113 2723 280 2810 quandam¹
293 2724 484 2791 conciliatur
498 2726 635 2791 benevo-
685 2725 783 2789 rebus
795 2724 970 2789 concordes
980 2745 1062 2789 esse.
1083 2726 1147 2792 Sed
1158 2728 1206 2792 ci·

115 2810 226 2886 ientia,
248 2831 323 2874 curn
345 2832 413 2897 prae
435 2832 469 2874 se
490 2812 553 2876 fert
579 2809 636 2874 ali·

116 2897 187 2982 quis
201 2909 262 2960 aut
275 2895 464 2975 honestatis,
473 2908 530 2961 aut
543 2895 635 2961 forti-

117 2980 251 3059 tudinis,
279 2993 337 3044 aut
361 2981 496 3069 aiicujus
523 2981 635 3067 hujus·

118 3066 205 3132 modi
219 3066 341 3136 virtutis
353 3067 510 3152 speciemt
523 3087 638 3166 quern·

116 3151 295 3230 admodum
333 3164 366 3217 et
398 3153 431 3217 in
486 3151 639 3238 ugilibus,

115 3250 172 3302 aut
186 3237 428 3316 cursoribus,et
471 3238 508 3302 iis
523 3236 648 3324 hujus·

686 2810 797 2874 vitates
816 2808 994 2874 concordes
1007 2830 1078 2874 esse
1092 2809 1208 2877 dicun·
1254 2837 1261 2850 ·

686 2908 751 2974 tur,
763 2915 839 2959 cum
853 2893 894 2958 de
908 2893 959 2968 iis,
971 2917 1044 2980 quae
1055 2895 1117 2961 sibi
1127 2917 1205 2964 cou-

687 2979 823 3058 ducunt,
849 3001 948 3044 uuum
974 2981 1129 3060 sentiunt,
1151 3005 1206 3048 ca·

688 3065 826 3152 demque
850 3065 985 3130 consilia
1009 3067 1153 3152 capiunt,
1175 3081 1208 3134 et

688 3173 761 3237 quae
782 3148 948 3216 communi
962 3171 1121 3215 consensu
1138 3153 1208 3219 fue·

688 3249 765 3300 runt
785 3236 973 3335 approbata,
991 3253 1209 3324 exsequuntur

119 3323 208 3396 modi
225 3322 292 3386 fieri
306 3323 408 3388 solere
424 3323 574 3388 diximus.
689 3343 726 3386 ac
748 3333 942 3408 transigunt.
986 3321 1024 3385 In
1048 3322 1088 3386 iis
1108 3322 1210 3409 igitur

287 3408 386 3472 CAP.
416 3409 475 3472 VI.
689 3407 799 3487 rebus,
815 3429 887 3493 quae
902 3405 963 3471 sub
978 3407 1140 3473 actionem
1155 3430 1207 3476 ve·

119 3493 235 3624 JAM
256 3514 330 3559 vero
352 3507 384 3558 et
408 3493 581 3558 concordia
599 3493 642 3558 ad
691 3492 795 3570 aiunt,
807 3492 981 3557 concordia
993 3508 1147 3575 versatur,
1158 3507 1209 3562 at·

130 3629 133 3636 .
190 3579 365 3644 amicitiam
391 3578 515 3644 videtur
541 3579 641 3665 perti·
692 3598 756 3664 que
777 3576 892 3641 harum
913 3577 947 3640 in
972 3577 1023 3657 iis,
1045 3601 1118 3666 quae
1139 3602 1210 3646 ma·

120 3686 219 3730 nere:
242 3665 393 3752 quocirca
413 3687 477 3729 non
499 3676 550 3728 est
570 3665 642 3749 opi·
691 3661 860 3748 gnitudine
881 3661 1052 3743 excellunt,
1079 3676 1113 3730 et
1136 3688 1211 3754 quae

123 3750 255 3816 nionum
268 3771 463 3815 consensus:
480 3749 543 3814 hoc
556 3751 641 3814 enim
691 3748 881 3834 contingere
897 3761 1034 3833 possunt
1048 3749 1097 3815 vel
1111 3751 1209 3818 utris·-

122 3836 220 3900 etiatn
236 3835 269 3900 in
283 3837 322 3900 iis
336 3835 440 3899 inesse
453 3849 572 3922 potest,
587 3833 644 3922 qui
692 3853 767 3920 que,
793 3833 842 3897 vel
866 3833 1039 3899 omnibus:
1070 3837 1211 3924 exempli

122 3919 207 3984 inter
225 3942 260 3986 se
278 3933 354 3985 sunt
373 3921 489 4006 ignoti.
526 3921 643 4006 Neque
691 3917 807 4004 gratia,
822 3918 999 3983 concordes
1013 3921 1210 3988 suntcirita·

122 4005 299 4070 concordes
323 4027 380 4070 eoa
401 4027 471 4070 esse
493 4005 642 4084 dicimus,
693 4017 754 4083 tes,
773 4025 849 4068 cum
869 4003 975 4088 piacet
992 4005 1114 4070 civibus
1137 4028 1210 4073 om·

123 4091 185 4188 qui·
197 4090 238 4154 de
258 4113 294 4156 re
310 4092 428 4177 aliqua,
442 4111 643 4177 quaecunque
694 4089 787 4154 nibus
807 4089 885 4189 eligi
914 4090 1134 4174 magistratus,
1155 4105 1213 4156 aut

123 4189 177 4254 ait,
207 4177 292 4240 idem
319 4176 480 4241 sentiunt:
508 4189 546 4239 ut
575 4197 643 4255 eos,
693 4174 771 4239 belii
795 4184 982 4239 societatem
1007 4195 1085 4240 cum
1106 4176 1209 4242 Iace-

120 4281 230 4345 quoru
276 4275 401 4328 unaest
413 4263 453 4326 de
468 4261 643 4326 rebuecoe·
692 4258 862 4324 demoniis
879 4259 961 4337 iniri,
981 4270 1040 4322 aut
1052 4257 1209 4325 Pittacum

120 4342 220 4416 testib
272 4347 448 4413 sententia:
473 4347 643 4411 nonenim
693 4364 830 4430 praeesse
850 4341 981 4421 civitati,
1008 4343 1097 4428 quod
1123 4343 1212 4413 idem
