3009 4934
485 843 926 1036 cecropis.

604 1201 807 1232 -φ-

163 1415 267 1550 ΕΝ
282 1473 349 1548 tibi
367 1473 545 1564 libellum,
563 1485 639 1546 arte
656 1471 881 1547 elaboratum
905 1485 944 1546 et
962 1471 1113 1572 ingenio
1132 1469 1253 1570 perse-

160 1601 274 1680 ctum,
292 1616 401 1687 quem
419 1590 485 1663 viri
504 1589 625 1663 omnis
642 1589 709 1662 aevi
731 1587 1014 1664 eminentissimi
1032 1587 1071 1660 in
1090 1587 1173 1659 sinu
1191 1611 1254 1685 ge-

160 1717 316 1796 starunt,
334 1719 371 1779 et
387 1706 465 1780 dies
483 1717 681 1801 noctesque
697 1706 919 1778 evolverunt.
959 1702 1074 1779 Hunc
1091 1703 1121 1776 si
1139 1701 1254 1801 pluri·
1335 1761 1340 1771 .

161 1820 243 1910 bus,
259 1821 378 1893 verbis
395 1821 482 1892 licet
499 1819 746 1916 amplissimis,
765 1817 963 1908 laudarem,
979 1816 1078 1890 idem
1096 1815 1251 1888 facerem

161 1960 204 2006 sc
228 1933 256 2007 si
282 1935 346 2006 soli
371 1935 557 2007 lucernam
583 1934 840 2008 accenderem:
868 1960 935 2007 uec
957 1931 1127 2029 estquod
1148 1929 1256 2004 dubi·

161 2059 251 2138 tem,
268 2048 370 2145 quin,
388 2048 418 2121 si
440 2073 523 2121 eum
546 2049 752 2148 perlegeris,
775 2073 919 2122 mecum
944 2073 1020 2120 non
1044 2046 1179 2119 invitus
1202 2045 1255 2118 fa-

161 2164 293 2238 teberis
317 2164 417 2236 omni
441 2163 547 2237 leude
566 2163 738 2260 majorem
761 2190 850 2237 esse.
903 2163 1003 2237 Nolo
1020 2163 1143 2259 itaque
1160 2173 1197 2235 te
1214 2163 1254 2235 in

160 2281 287 2354 limine
314 2280 452 2354 diutius
479 2280 624 2370 morari,
651 2305 761 2376 quarn
789 2280 967 2379 tantisper
992 2279 1082 2371 dum
1110 2304 1253 2352 narrem

159 2384 249 2493 quid
269 2393 354 2468 huic
372 2405 506 2467 nostrae
525 2392 678 2466 editioni
696 2405 887 2492 acceptum
907 2394 1049 2470 referat.

210 2506 255 2580 ld
274 2507 443 2606 inprimis
461 2508 615 2607 egimus,
630 2519 672 2580 ut
685 2507 816 2581 Graeca
828 2533 938 2605 quam
956 2507 1254 2583 emendatissime
1301 2501 1307 2512 ’

159 2621 360 2720 prodirent.
415 2625 536 2707 Quem
561 2625 600 2697 in
625 2626 738 2698 finem
760 2625 935 2724 impressa
952 2624 1076 2698 omnia
1093 2623 1257 2698 melioris·

160 2751 257 2812 notae
282 2741 505 2840 exemplaria
531 2741 791 2826 adhibuimus;
826 2766 868 2814 ac
896 2753 1071 2840 praeterea
1097 2741 1253 2815 Codices

159 2867 231 2930 tres
258 2855 370 2931 MSS.
397 2883 512 2931 unum
540 2883 560 2929 e
587 2855 720 2929 Museo
743 2855 930 2929 «Iohannis
952 2855 1056 2930 Mori
1078 2855 1253 2956 Episcopi

159 2973 332 3066 Eliensis,
356 2976 518 3073 aliosque
547 2974 639 3048 duos
664 3000 685 3046 e
710 2972 951 3046 Bibliothecis
976 2973 1252 3050 Oxoniensibus

158 3091 315 3187 collegii
333 3090 430 3164 Novi
448 3105 485 3165 et
502 3089 656 3189 collegii
677 3089 849 3189 Corporis
867 3089 1019 3164 Christi.

209 3202 358 3276 Deinde
390 3205 548 3303 nequid
574 3207 631 3295 iis,
661 3206 721 3304 qui
754 3206 792 3278 in
823 3203 962 3278 Graecis
988 3205 1101 3279 literis
1129 3206 1251 3282 minus

159 3319 288 3392 versati
314 3319 400 3410 sint,
423 3347 553 3419 parum
579 3321 809 3407 consuluisse,
827 3321 1047 3412 videremur,
1079 3321 1255 3423 Dionysii

162 3433 332 3507 Lanuini
352 3437 568 3526 versionem,
592 3437 841 3510 fidelissimam
868 3463 972 3534 aeque
993 3463 1035 3510 ac
1058 3439 1253 3538 elegantis-

160 3550 304 3639 simam,
331 3551 447 3625 textui
471 3553 713 3648 subjecimust
742 3577 809 3624 nec
834 3551 1036 3649 quidquam
1061 3555 1100 3627 in
1123 3581 1165 3628 es
1189 3581 1253 3628 ex-

159 3659 351 3758 primenda
370 3665 604 3755 mutavimus,
622 3664 691 3738 nisi
711 3665 799 3738 locis
817 3664 1017 3740 admodum
1035 3668 1172 3767 paucis,
1186 3669 1250 3745 ubi

156 3801 179 3846 e
196 3775 335 3849 Graecis
362 3777 588 3877 longiuscule
615 3781 803 3853 recessisse
819 3780 918 3855 visus
942 3795 998 3854 est
1016 3783 1178 3883 optimus
1193 3787 1252 3860 in·

161 3903 311 3990 terpres.

208 4007 401 4099 Praeterea,
425 4011 477 4084 tui
503 4011 541 4084 in
566 4011 732 4110 gratiam,
755 4013 962 4085 obscuriora
989 4012 1158 4110 quaedam
1185 4042 1252 4116 pro

156 4125 251 4199 virili
270 4127 450 4201 illustrata
468 4128 637 4202 dedimus
656 4129 752 4238 inter
770 4143 914 4204 textum
931 4145 969 4205 et
982 4133 1197 4228 versionem,
1212 4150 1253 4210 ut

153 4255 195 4314 et
219 4243 332 4318 totius
358 4245 477 4344 operis
503 4258 741 4344 conspectum
768 4248 836 4319 sub
858 4247 936 4343 ejus
958 4247 1121 4340 initium,
1143 4263 1181 4324 et
1205 4253 1251 4326 ad

266 4376 270 4384 ’
681 4385 707 4434 Α
725 4376 747 4432 2
